<?xml version="1.0" encoding="UTF-8"?><collection xmlns="http://www.loc.gov/MARC21/slim"><record><leader>00351nam--2200121-i-4500</leader><controlfield tag="001">000047959</controlfield><controlfield tag="002">20161230</controlfield><controlfield tag="005">20161230201046</controlfield><controlfield tag="008">060222s1000------------r-----000-0-eng-d</controlfield><datafield ind1=" " ind2=" " tag="100"><subfield code="a">Wyllie M.R.J</subfield></datafield><datafield ind1=" " ind2=" " tag="245"><subfield code="a">The fundamental of well log interpretation. third edition, revised and reset</subfield></datafield><datafield ind1=" " ind2=" " tag="260"><subfield code="a">New York, Academic Press, 1963, Xv + 238p</subfield></datafield><datafield ind1=" " ind2=" " tag="852"><subfield code="a">15250</subfield></datafield></record></collection>